<record xmlns="http://www.loc.gov/MARC21/slim" xmlns:xsi="http://www.w3.org/2001/XMLSchema-instance" xsi:schemaLocation="http://www.loc.gov/MARC21/slim http://www.loc.gov/standards/marcxml/schema/MARC21slim.xsd"><leader>01394nam a2200313   4500</leader><controlfield tag="001">001680951</controlfield><controlfield tag="003">NNU</controlfield><controlfield tag="006">m        d        </controlfield><controlfield tag="007">cr cn |||m|||a</controlfield><controlfield tag="008">140707s1961    iq      ob    000 0 ara d</controlfield><datafield ind1=" " ind2=" " tag="040"><subfield code="a">NNU</subfield><subfield code="b">eng</subfield><subfield code="c">NNU</subfield></datafield><datafield ind1=" " ind2=" " tag="050"><subfield code="a">PJ6073.S2</subfield></datafield><datafield ind1="1" ind2=" " tag="100"><subfield code="a">Sa&#772;marra&#772;&#700;i&#772;, Ibra&#772;hi&#772;m.</subfield></datafield><datafield ind1="1" ind2="0" tag="245"><subfield code="a">Dira&#772;sat fi&#772; al-lughah</subfield><subfield code="h">[electronic resource]</subfield><subfield code="c">ta&#700;li&#772;f Ibra&#772;hi&#772;m al-Sa&#772;marra&#772;&#700;i&#772;.</subfield></datafield><datafield ind1="3" ind2=" " tag="246"><subfield code="a">E&#769;tudes linguistiques arabes</subfield></datafield><datafield ind1=" " ind2=" " tag="260"><subfield code="a">Baghda&#772;d :</subfield><subfield code="b">Mat&#803;ba&#699;at al-&#699;A&#772;ni&#772;,</subfield><subfield code="c">1961.</subfield></datafield><datafield ind1=" " ind2=" " tag="300"><subfield code="a">online resource (264 p.)</subfield></datafield><datafield ind1=" " ind2=" " tag="500"><subfield code="a">Titlle on p. [4] of cover: E&#769;tudes linguistiques arabes.</subfield></datafield><datafield ind1=" " ind2=" " tag="500"><subfield code="a">Part of the Arabic Collections Online (ACO) project, contributed by New York Univeristy Libraries.</subfield></datafield><datafield ind1=" " ind2=" " tag="504"><subfield code="a">Includes bibliographical references (p. 257-263).</subfield></datafield><datafield ind1=" " ind2=" " tag="533"><subfield code="a">Electronic reproduction.</subfield><subfield code="b">New York, N.Y. :</subfield><subfield code="c">New York University,</subfield><subfield code="d">2014.</subfield><subfield code="5">NNU</subfield></datafield><datafield ind1=" " ind2="0" tag="650"><subfield code="a">Arabic language.</subfield></datafield><datafield ind1=" " ind2="7" tag="650"><subfield code="a">Arabic language.</subfield><subfield code="2">fast</subfield><subfield code="0">(OCoLC)fst00812287</subfield></datafield><datafield ind1="2" ind2=" " tag="710"><subfield code="a">New York University.</subfield><subfield code="b">Libraries.</subfield></datafield><datafield ind1="0" ind2=" " tag="730"><subfield code="a">Arabic Collections Online.</subfield></datafield><datafield ind1="0" ind2="8" tag="776"><subfield code="i">Print version:</subfield><subfield code="a">Sa&#772;marra&#772;&#700;i&#772;, Ibra&#772;hi&#772;m.</subfield><subfield code="t">Dira&#772;sat fi&#772; al-lughah</subfield><subfield code="w">(NNU)001680951</subfield><subfield code="w">(DLC)   62000702 </subfield><subfield code="w">(OCoLC)22373554</subfield></datafield><datafield ind1=" " ind2="0" tag="830"><subfield code="a">Princeton University Arabic collection ;</subfield><subfield code="v">sn. 9000039.05.</subfield></datafield><datafield ind1="4" ind2="0" tag="856"><subfield code="u">http://hdl.handle.net/2333.1/gqnk9bm6</subfield></datafield><datafield ind1=" " ind2=" " tag="959"><subfield code="a">NNU</subfield><subfield code="b">WEB</subfield><subfield code="c">GENI</subfield><subfield code="t">0</subfield><subfield code="m">Electronic access</subfield><subfield code="s">01</subfield></datafield></record>